<?xml version="1.0" encoding="UTF-8"?><collection><record><leader>06650ntm a2200625 a 4500</leader><controlfield tag="001">006813664</controlfield><controlfield tag="003">MiAaHDL</controlfield><controlfield tag="005">20190719000000.0</controlfield><controlfield tag="006">m        d        </controlfield><controlfield tag="007">cr bn ---auaua</controlfield><controlfield tag="008">090606q15631564xx            00| ||per d</controlfield><datafield tag="035" ind1=" " ind2=" "><subfield code="a">(MiU)006813664</subfield></datafield><datafield tag="035" ind1=" " ind2=" "><subfield code="a">sdr-miu006813664</subfield></datafield><datafield tag="040" ind1=" " ind2=" "><subfield code="a">MiU</subfield><subfield code="c">MiU</subfield><subfield code="e">amremm</subfield></datafield><datafield tag="043" ind1=" " ind2=" "><subfield code="a">n-us-mi</subfield></datafield><datafield tag="100" ind1="0" ind2=" "><subfield code="6">880-01</subfield><subfield code="a">Saʻdī.</subfield></datafield><datafield tag="240" ind1="1" ind2="0"><subfield code="6">880-02</subfield><subfield code="a">Gulistān</subfield></datafield><datafield tag="245" ind1="1" ind2="0"><subfield code="6">880-03</subfield><subfield code="a">Kitāb-i Gulistān,</subfield><subfield code="f">[971, i.e. 1563 or 1564].</subfield></datafield><datafield tag="246" ind1="3" ind2=" "><subfield code="i">Edge title (head):</subfield><subfield code="a">گلستان</subfield></datafield><datafield tag="246" ind1="3" ind2=" "><subfield code="i">Edge title (tail):</subfield><subfield code="a">گلستان</subfield></datafield><datafield tag="260" ind1=" " ind2=" "><subfield code="c">[1563 or 1564].</subfield></datafield><datafield tag="300" ind1=" " ind2=" "><subfield code="a">138 leaves :</subfield><subfield code="b">paper ;</subfield><subfield code="c">195 x 135 (128 x 70) mm.</subfield></datafield><datafield tag="500" ind1=" " ind2=" "><subfield code="a">Shelfmark: Ann Arbor, University of Michigan, Special Collections Library, Isl. Ms. 306</subfield></datafield><datafield tag="500" ind1=" " ind2=" "><subfield code="a">Origin: As appears in colophon on p.276, copied by ʻAbd al-Laṭīf ibn Shaykh Darvīsh Muḥammad al-Shirvānī, al-shahīr bi-Aflāṭūn, (Abdüllatif b. Derviş Mehmet eş-Şirvânî) with transcription completed in 971 [1563 or 4].</subfield></datafield><datafield tag="500" ind1=" " ind2=" "><subfield code="a">Former shelfmark: "344" inscribed in pencil on recto of opening leaf (p.1) ; "344 T. De M. [i.e. Tammaro De Marinis]" inscribed in pencil on verso of opening leaf (p.2).</subfield></datafield><datafield tag="500" ind1=" " ind2=" "><subfield code="a">Binding: Pasteboards covered in red-brown leather ; Type II binding (with flap) ; doublures in brown leather ; upper and lower covers carry tooled and gold-painted mandorla (filled with vegetal composition, compare Déroche OAi 8), pendants and cornerpieces, along with tooled border in a series of s-shaped stamps and fillets in gold ; upper and lower doublures carry diamond-shaped central ornament of gold-tooled interlace and border in gold fillets ; sewn in dull yellow, dark blue and dull pink thread, two stations ; worked chevron endbands in dull yellow and pink, damaged somewhat ; overall in somewhat poor condition with abrasion, staining, delamination of boards at corners, lifting of leather, envelope flap fully detached, etc. ; minor pieced repairs in dark brown leather ; housed in box for protection.</subfield></datafield><datafield tag="500" ind1=" " ind2=" "><subfield code="a">Support: European laid paper of perhap a few types ; opening type with 9 laid lines per cm. (vertical), chain lines spaced 25-28 mm. apart (horizontal), and watermark of anchor in circle (see p.8-9, 22, etc.) ; another type with 10 laid lines per cm. (vertical), chain lines spaced 27-32 mm. apart (horizontal), and watermarks of crossbow in circle (p.262, 268, etc.) alternating with crossed arrows (see p.258, 272, etc.) ; all quite sturdy, dull cream in color, and well-burnished.</subfield></datafield><datafield tag="500" ind1=" " ind2=" "><subfield code="a">Decoration: Illuminated headpiece (ʻunwān / sarlawḥ) at opening on p.4 consisting of large (rising out of the well of turquoise and gold into which it is set and surmounted by vertical stalks (tīgh) in blue), scalloped semi-circular piece (dome) with a central cartouche (carrying the title "كتاب كلستان" in white on a black ground with red floral accents) surrounded by swirling floral vegetal motifs in gold, red, yellow, white, pink, and turquoise on fields of gold and lapis lazuli ; keywords and some vocalization rubricated, others chrysographed or in blue ink ; written area surrounded by frame consisting of gold band defined by black and blue fillets ; tailpiece consisting of floral accents in red and black ink flanking close (p.276).</subfield></datafield><datafield tag="500" ind1=" " ind2=" "><subfield code="a">Script: Nastaʻlīq (talik) ; elegant hand ; serifless with effect of words descending to baseline, elongation of horizontal strokes, mainly closed counters, pointing in distinct dots.</subfield></datafield><datafield tag="500" ind1=" " ind2=" "><subfield code="a">Layout: Written in 11 lines per page ; frame-ruled ; written area occasionally divided to two columns to set off verses.</subfield></datafield><datafield tag="500" ind1=" " ind2=" "><subfield code="a">Collation: 17 IV(136), I (138), i ; almost exclusively quaternions ; p.38 left partially blank, perhaps for illustration never realized ; catchwords present ; pagination in pencil, Western numerals (includes flyleaves).</subfield></datafield><datafield tag="500" ind1=" " ind2=" "><subfield code="a">Colophon: "Scribal," in Arabic, reads "كتبه العبد المذنب عبد اللطيف المذنب بن شيخ درويش محمد الشروانى الشهير بافلاطون غفر الله لهما في سنه ٩٧١ م"</subfield></datafield><datafield tag="500" ind1=" " ind2=" "><subfield code="a">Explicit: "در خاتمۀ کتاب گلستان تمام شد کتاب گلستان و الله الملک المستعان و بتوفیق باری عز اسمه درین جمله چنانکه عادت مؤلفان است از شعر متقدمان بطریق استعارت تلفیقی نرفت ... و اطلب لنفسک من خیر ترید به من بعد ذلک غفرانا لکاتبه"</subfield></datafield><datafield tag="500" ind1=" " ind2=" "><subfield code="a">Incipit: "منت خدایرا عز و جل که طاعتش موجب قربتست ..."</subfield></datafield><datafield tag="500" ind1=" " ind2=" "><subfield code="a">Title from headpiece at opening on p.4 and close on p.275.</subfield></datafield><datafield tag="500" ind1=" " ind2=" "><subfield code="a">Ms. codex.</subfield></datafield><datafield tag="510" ind1="4" ind2=" "><subfield code="a">Rypka,</subfield><subfield code="c">p. 251-253</subfield></datafield><datafield tag="510" ind1="4" ind2=" "><subfield code="a">Browne,</subfield><subfield code="c">v. ii, p.525-532</subfield></datafield><datafield tag="510" ind1="4" ind2=" "><subfield code="a">Cat. Pers. MSS Brit. Mus.,</subfield><subfield code="c">p.595 ff.</subfield></datafield><datafield tag="520" ind1="8" ind2=" "><subfield code="a">Elegant copy of the Gulistān, celebrated collection of moralizing anecdotes in rhymed prose interspersed with verse (maqāmah form), composed in 1258 by the renowned Persian poet and prose writer, Saʻdī (d.1292).</subfield></datafield><datafield tag="538" ind1=" " ind2=" "><subfield code="a">Mode of access: Internet.</subfield></datafield><datafield tag="541" ind1=" " ind2=" "><subfield code="c">Purchase ;</subfield><subfield code="a">Acquired by purchase (funds donated by Horace Rackham).</subfield><subfield code="d">1924.</subfield></datafield><datafield tag="546" ind1=" " ind2=" "><subfield code="a">Persian.</subfield></datafield><datafield tag="561" ind1=" " ind2=" "><subfield code="a">Inscriptions in pencil "344" and "344 T. De M. [i.e. Tammaro De Marinis]" on opening leaf (pp.1-2) ; interlinear and marginal glosses (mainly in Turkish) and occasional corrections ; traces of an almond-shaped seal impression on page facing incipit page (p.5) ; ownership statements on back flyleaf (recto in black ink, divani script, p.278 and verso in red ink, p.278) in name of Darvīsh Muḥammad Qiyādā [?] Zādah ( درويش محمد قيادا زاده / Derviş Mehmet Kıyâdâzade [?]), dated 30 Ṣafar 1138 [ca. 7 November 1725] and 113?, respectively.</subfield></datafield><datafield tag="650" ind1=" " ind2="0"><subfield code="a">Manuscripts, Persian</subfield><subfield code="z">Michigan</subfield><subfield code="z">Ann Arbor.</subfield></datafield><datafield tag="650" ind1=" " ind2="0"><subfield code="a">Sufi poetry, Persian</subfield><subfield code="v">Early works to 1800.</subfield></datafield><datafield tag="650" ind1=" " ind2="0"><subfield code="a">Persian poetry</subfield><subfield code="y">747-1500.</subfield></datafield><datafield tag="655" ind1=" " ind2="7"><subfield code="a">Headpieces (layout features)</subfield><subfield code="y">16th century.</subfield><subfield code="2">aat</subfield></datafield><datafield tag="700" ind1="0" ind2=" "><subfield code="a">Abdülhamid</subfield><subfield code="b">II,</subfield><subfield code="c">Sultan of the Turks,</subfield><subfield code="d">1842-1918,</subfield><subfield code="e">former owner.</subfield></datafield><datafield tag="700" ind1="0" ind2=" "><subfield code="6">880-05</subfield><subfield code="a">ʻAbd al-Laṭīf ibn Shaykh Darvīsh Muḥammad al-Shirvānī,</subfield><subfield code="d">fl. 1563,</subfield><subfield code="e">scribe.</subfield></datafield><datafield tag="773" ind1="0" ind2=" "><subfield code="a">Abdul Hamid Collection.</subfield></datafield><datafield tag="880" ind1="0" ind2=" "><subfield code="6">700-05/</subfield><subfield code="a">عبد اللطيف بن شيخ درويش محمد الشروانى,</subfield><subfield code="e">ناسخ.</subfield></datafield><datafield tag="880" ind1="1" ind2="0"><subfield code="6">245-03/</subfield><subfield code="a">کتاب گلستان,</subfield><subfield code="f">[971ه, 1563 یا 1564].</subfield></datafield><datafield tag="880" ind1="1" ind2="0"><subfield code="6">240-02/</subfield><subfield code="a">گلستان</subfield></datafield><datafield tag="880" ind1="0" ind2=" "><subfield code="6">100-01/</subfield><subfield code="a">سعدى.</subfield></datafield><datafield tag="CID" ind1=" " ind2=" "><subfield code="a">006813664</subfield></datafield><datafield tag="DAT" ind1="0" ind2=" "><subfield code="a">20190719102638.0</subfield><subfield code="b">20190719000000.0</subfield></datafield><datafield tag="DAT" ind1="1" ind2=" "><subfield code="a">20190719090653.0</subfield><subfield code="b">2019-07-19T16:11:45Z</subfield></datafield><datafield tag="DAT" ind1="2" ind2=" "><subfield code="a">2015-10-02T18:00:03Z</subfield></datafield><datafield tag="CAT" ind1=" " ind2=" "><subfield code="a">SDR-MIU</subfield><subfield code="d">EX LIBRIS - ALEPH</subfield><subfield code="l">prepare.pl-004-008</subfield></datafield><datafield tag="FMT" ind1=" " ind2=" "><subfield code="a">BK</subfield></datafield><datafield tag="HOL" ind1=" " ind2=" "><subfield code="0">sdr-miu006813664</subfield><subfield code="a">MiU</subfield><subfield code="b">SDR</subfield><subfield code="c">MIU</subfield><subfield code="p">mdp.39015079128511</subfield><subfield code="s">MIU</subfield><subfield code="1">006813664</subfield></datafield><datafield tag="974" ind1=" " ind2=" "><subfield code="b">MIU</subfield><subfield code="c">MIU</subfield><subfield code="d">20190719</subfield><subfield code="s">lit-dlps-dc</subfield><subfield code="u">mdp.39015079128511</subfield><subfield code="y">1564</subfield><subfield code="r">pd</subfield><subfield code="q">bib</subfield><subfield code="t">non-US bib date2 &lt; 1879</subfield></datafield></record></collection>